@book{si2006,
    author = {Si, H.},
    citeulike-article-id = {2945217},
    citeulike-linkout-0 = {http://tetgen.berlios.de},
    keywords = {numerics, transferbib},
    posted-at = {2008-06-30 16:06:15},
    priority = {2},
    title = {{TetGen A Quality Tetrahedral Mesh Generator and Three-Dimensional Delaunay Triangulator}},
    url = {http://tetgen.berlios.de},
    year = {2006}
}

@misc{Vega,
  author =       "Jernej Barbi\v{c} and Fun Shing Sin and Daniel Schroeder",
  title =        "{Vega FEM Library}",
  year = "2012",
  note = "http://www.jernejbarbic.com/vega",
}